@Comment А вот так оформляется библиография при помощи BibTeX.

@book{файбисович,
  title={Справочник по проектированию электрических сетей},
  editor={Д.Л. Файбисовича.},
  edition={4-е, перераб. и доп.},
  publisher={М.: Изд-во НЦ ЭНАС},
  pagetotal={376},
  year={2012},
  language =     "russian"
}

@book{веников1998электрические,
  title={Электрические системы. Электрические сети},
  editor = {В.А. Веникова, В.А. Строева},
  year={1998},
  pagetotal={511},
  publisher={М.: Высшая школа},
  language =     "russian"
}

@book{пуэ7,
  title={Правила устройства электроустановок},
  edition={7-е},
  publisher={М.: Изд-во НЦ ЭНАС},
  year={2004},
  language =     "russian"
}